@article{scikit-learn,
 title={Scikit-learn: Machine Learning in {P}ython},
 author={Pedregosa, F. and Varoquaux, G. and Gramfort, A. and Michel, V.
         and Thirion, B. and Grisel, O. and Blondel, M. and Prettenhofer, P.
         and Weiss, R. and Dubourg, V. and Vanderplas, J. and Passos, A. and
         Cournapeau, D. and Brucher, M. and Perrot, M. and Duchesnay, E.},
 journal={Journal of Machine Learning Research},
 volume={12},
 pages={2825--2830},
 year={2011}
}

@book{BirdKleinLoper09,
  author = {Steven Bird and Ewan Klein and Edward Loper},
  title = {{Natural Language Processing with Python}},
  publisher = {O'Reilly Media},
  year = 2009
}

@book{Manning2008,
  author = {Christopher D. Manning and Prabhakar Raghavan and Hinrich Schuetze},
  title = {Introduction to Information Retrieval},
  year = {2008}, 
  publisher = {Cambridge University Press}
}

@article {Estabrooks:Resampling,
author = {Estabrooks, Andrew and Jo, Taeho and Japkowicz, Nathalie},
title = {A Multiple Resampling Method for Learning from Imbalanced Data Sets},
journal = {Computational Intelligence},
volume = {20},
number = {1},
publisher = {Blackwell Publishing, Inc.},
issn = {1467-8640},
url = {http://dx.doi.org/10.1111/j.0824-7935.2004.t01-1-00228.x},
doi = {10.1111/j.0824-7935.2004.t01-1-00228.x},
pages = {18--36},
keywords = {inductive learning, decision trees, class imbalance problem, multiple resampling, text classification},
year = {2004},
}



@INPROCEEDINGS{Rennie03,
    author = {Jason D. M. Rennie and Lawrence Shih and Jaime Teevan and David R. Karger},
    title = {Tackling the Poor Assumptions of Naive Bayes Text Classifiers},
    booktitle = {In Proceedings of the Twentieth International Conference on Machine Learning},
    year = {2003},
    pages = {616--623}
}


@InProceedings{Dos:14,
  author    = {dos Santos, Cicero  and  Gatti, Maira},
  title     = {Deep Convolutional Neural Networks for Sentiment Analysis of Short Texts},
  booktitle = {Proceedings of COLING 2014, the 25th International Conference on Computational Linguistics: Technical Papers},
  month     = {August},
  year      = {2014},
  address   = {Dublin, Ireland},
  publisher = {Dublin City University and Association for Computational Linguistics},
  pages     = {69--78},
  url       = {http://www.aclweb.org/anthology/C14-1008}
}

@InProceedings{Barb:17,
  author = 	"Barbieri, Francesco
		and Ballesteros, Miguel
		and Saggion, Horacio",
  title = 	"Are Emojis Predictable?",
  booktitle = 	"Proceedings of the 15th Conference of the European Chapter of the Association for Computational Linguistics: Volume 2, Short Papers",
  year = 	"2017",
  publisher = 	"Association for Computational Linguistics",
  pages = 	"105--111",
  location = 	"Valencia, Spain",
  url = 	"http://www.aclweb.org/anthology/E17-2017"
}




@article{ACM:83,
	author = {Association for Computing Machinery},
	year = "1983",
	journal = {Computing Reviews},
	volume = "24",
	number = "11",
	pages = "503--512"
}